<?xml version="1.0" encoding="UTF-8"?><collection><record><leader>01957ntm a2200373 a 4500</leader><controlfield tag="001">002594323</controlfield><controlfield tag="003">MiAaHDL</controlfield><controlfield tag="005">20190719000000.0</controlfield><controlfield tag="006">m        d        </controlfield><controlfield tag="007">cr bn ---auaua</controlfield><controlfield tag="008">930210q17001799xx            00||  ara d</controlfield><datafield tag="035" ind1=" " ind2=" "><subfield code="a">(MiU)002594323</subfield></datafield><datafield tag="035" ind1=" " ind2=" "><subfield code="a">sdr-miu002594323</subfield></datafield><datafield tag="035" ind1=" " ind2=" "><subfield code="a">(OCoLC)34365728</subfield></datafield><datafield tag="035" ind1=" " ind2=" "><subfield code="a">(RLIN)MIUH93-A12</subfield></datafield><datafield tag="040" ind1=" " ind2=" "><subfield code="a">MiU</subfield><subfield code="c">MiU</subfield><subfield code="e">appm</subfield><subfield code="d">MiU</subfield></datafield><datafield tag="245" ind1="0" ind2="0"><subfield code="a">Astronomical tables for the latitude of Samarkand :</subfield><subfield code="k">manuscript,</subfield><subfield code="f">[171-?].</subfield></datafield><datafield tag="300" ind1=" " ind2=" "><subfield code="a">1</subfield><subfield code="f">v. (120, [22] p.) ;</subfield><subfield code="c">23 cm.</subfield></datafield><datafield tag="500" ind1=" " ind2=" "><subfield code="a">Watermarks: Three crescents; Andrea Galvani of Pordenone. See Edward Heawood, Watermarks, Mainly of the 17th and 18th Centuries (Hilversum ,1950), pp. 24 and 36.</subfield></datafield><datafield tag="500" ind1=" " ind2=" "><subfield code="a">Tables rubricated; some foliation in pencil.</subfield></datafield><datafield tag="500" ind1=" " ind2=" "><subfield code="a">Probable 18th-cent. date based on start date of tables.</subfield></datafield><datafield tag="520" ind1=" " ind2=" "><subfield code="a">Entirely tables: astronomical tables, star catalogs, and geographical tables based on those of Ulugh Beg. Calendrical table for Islamic years 1110 [1698] to 2100 [2658].</subfield></datafield><datafield tag="538" ind1=" " ind2=" "><subfield code="a">Mode of access: Internet.</subfield></datafield><datafield tag="541" ind1=" " ind2=" "><subfield code="d">07/--/36</subfield><subfield code="3">Manuscript</subfield><subfield code="a">McGregor Fund</subfield><subfield code="c">Purchase, 1933/34</subfield><subfield code="h">61 p.t.</subfield></datafield><datafield tag="561" ind1=" " ind2=" "><subfield code="a">Purchased in Cairo, 1933/34. Owner's mark: on front of ms., manuscript notes in handwriting of Max Meyerhof.</subfield></datafield><datafield tag="600" ind1="0" ind2="0"><subfield code="6">880-01</subfield><subfield code="a">Ulugh Beg,</subfield><subfield code="d">1394-1449.</subfield><subfield code="t">Zīj al-Sulṭānī.</subfield></datafield><datafield tag="650" ind1=" " ind2="0"><subfield code="a">Geography, Arab</subfield><subfield code="x">Tables</subfield><subfield code="y">Early works to 1800.</subfield></datafield><datafield tag="650" ind1=" " ind2="0"><subfield code="a">Stars</subfield><subfield code="x">Catalogs</subfield><subfield code="y">Early works to 1800.</subfield></datafield><datafield tag="650" ind1=" " ind2="0"><subfield code="a">Astronomy, Arab</subfield><subfield code="x">Tables</subfield><subfield code="y">Early works to 1800.</subfield></datafield><datafield tag="650" ind1=" " ind2="0"><subfield code="a">Manuscripts, Arabic</subfield><subfield code="z">Michigan</subfield><subfield code="z">Ann Arbor.</subfield></datafield><datafield tag="700" ind1="0" ind2="0"><subfield code="6">880-02</subfield><subfield code="a">Ulugh Beg,</subfield><subfield code="d">1394-1449.</subfield><subfield code="t">Zīj al-Sulṭānī.</subfield></datafield><datafield tag="700" ind1="1" ind2=" "><subfield code="a">Meyerhof, Max,</subfield><subfield code="d">1874-1945,</subfield><subfield code="e">former owner.</subfield></datafield><datafield tag="773" ind1="0" ind2=" "><subfield code="7">unbc</subfield><subfield code="a">Tracy W. McGregor Collection of Arabic, Persian, and Turkish Mathematical and Astronomical Manuscripts.</subfield><subfield code="w">(CStRLIN)MIUH92-A20.</subfield></datafield><datafield tag="880" ind1="0" ind2="0"><subfield code="6">700-02/</subfield><subfield code="a">ألوغ بيك.</subfield><subfield code="t">زيج السلطاني.</subfield></datafield><datafield tag="880" ind1="0" ind2="0"><subfield code="6">600-01/</subfield><subfield code="a">ألوغ بيك.</subfield><subfield code="t">زيج السلطاني.</subfield></datafield><datafield tag="CID" ind1=" " ind2=" "><subfield code="a">002594323</subfield></datafield><datafield tag="DAT" ind1="0" ind2=" "><subfield code="a">20190719102632.0</subfield><subfield code="b">20190719000000.0</subfield></datafield><datafield tag="DAT" ind1="1" ind2=" "><subfield code="a">20190719090653.0</subfield><subfield code="b">2019-07-19T16:10:37Z</subfield></datafield><datafield tag="DAT" ind1="2" ind2=" "><subfield code="a">2015-10-02T18:00:03Z</subfield></datafield><datafield tag="CAT" ind1=" " ind2=" "><subfield code="a">SDR-MIU</subfield><subfield code="d">EX LIBRIS - ALEPH</subfield><subfield code="l">prepare.pl-004-008</subfield></datafield><datafield tag="FMT" ind1=" " ind2=" "><subfield code="a">BK</subfield></datafield><datafield tag="HOL" ind1=" " ind2=" "><subfield code="0">sdr-miu002594323</subfield><subfield code="a">MiU</subfield><subfield code="b">SDR</subfield><subfield code="c">MIU</subfield><subfield code="p">mdp.39015081447248</subfield><subfield code="s">MIU</subfield><subfield code="1">002594323</subfield></datafield><datafield tag="974" ind1=" " ind2=" "><subfield code="b">MIU</subfield><subfield code="c">MIU</subfield><subfield code="d">20190719</subfield><subfield code="s">lit-dlps-dc</subfield><subfield code="u">mdp.39015081447248</subfield><subfield code="y">1799</subfield><subfield code="r">pd</subfield><subfield code="q">bib</subfield><subfield code="t">non-US bib date2 &lt; 1896</subfield></datafield></record></collection>